@phdthesis{testSource,
           author = {Freeman, Gordon},
           title = {Observation of Einstein-Podolsky-Rosen Entanglement on Supraquantum Structures by Induction Through Nonlinear Transuranic Crystal of Extremely Long Wavelength Pulse from Mode-Locked Source Array},
           school = {MIT},
           year = 1996}

@techreport{denotationalDesign,
            author = {Elliott, Conal},
            title = {Denotational design with type class morphisms},
            institution = {LambdaPix},
            year = 2009,
            number = {2009-01},
            month = {March},
            url = {http://conal.net/papers/type-class-morphisms}}

@inproceedings{pushPull,
               author = {Elliott, Conal},
               title = {Push-pull functional reactive programming},
               booktitle = {Haskell Symposium},
               url = {http://conal.net/papers/push-pull-frp},
               year = {2009}}

@inproceedings{afrp,
               author = {Nilsson, Henrik and Courtney, Antony and Peterson, John},
               title = {Functional Reactive Programming, Continued},
               booktitle = {Proceedings of the 2002 {ACM SIGPLAN} {H}askell Workshop ({H}askell '02)},
               pages = "51--64",
               year = 2002,
               address = "Pittsburgh, Pennsylvania, USA",
               publisher = "{ACM} Press",
               month = "October"}

@inproceedings{stmonad,
               author = {Launchbury, John and Peyton Jones, Simon},
               title = {Lazy functional state threads},
               booktitle = {In the ACM SIGPLAN Conference on Programming Language Design and Implementation},
               year = 1994,
               pages = {24--35}}

@misc{alacarte,
      author = {Wouter Swierstra},
      year = {2008},
      title = {Data types à la carte}}

@inproceedings{frpIntro,
               title = {Functional Reactive Animation},
               url = {http://conal.net/papers/icfp97/},
               author = {Elliott, Conal and Hudak, Paul},
               booktitle = {International Conference on Functional Programming},
               year = 1997}

@inproceedings{flapjax,
               title = {Flapjax: Functional Reactive Web Programming},
               booktitle = {Object-Oriented Programming, Systems, Languages \&
               Applications},
               year = 2009,
               author = {Meyerovich, Leo A. and Guha, Arjun and Baskin, Jacob
               and Cooper, Gregor H. and Greenberg, Michael and Bromfield, Alex
               and Krishnamurthi, Shriram}}

@misc{ws:bacon,
      title = {{bacon.js}},
      howpublished = {\url{https://github.com/raimohanska/bacon.js}},
      note = {Accessed: 2013-08-05}}

@misc{ws:elm,
      title = {{The Elm Programming Language}},
      howpublished = {\url{http://elm-lang.org/}},
      note = {Accessed: 2013-08-14}}

@misc{ws:node,
      title = {{node.js}},
      howpublished = {\url{http://nodejs.org/}},
      note = {Accessed: 2013-08-14}}

@misc{ws:djinn,
      title = {{Djinn}},
      howpublished = {\url{http://www.augustsson.net/Darcs/Djinn/}},
      note = {Accessed: 2013-08-15}}

@misc{ws:nodeAbout,
      title = {{About node.js}},
      howpublished = {\url{http://nodejs.org/about/}},
      note = {Accessed: 2013-08-14}}

@misc{comonadCA,
      title = {Evaluating cellular automata is comonadic},
      author = {Piponi, Dan},
      journal = {A Neighborhood of Infinity},
      type = {Blog},
      number = {December 19},
      year = 2006,
      howpublished = {\url{http://blog.sigfpe.com/2006/12/evaluating-cellular-automata-is.html}},
      note = {Accessed: 2013-08-11}}

@misc{comonadConv,
      title = {Comonads and Convolutions},
      author = {Yang, Edward},
      journal = {Inside 206-105},
      type = {Blog},
      number = {February 22},
      year = 2010,
      howpublished = {\url{http://blog.ezyang.com/2010/02/comonads-and-convolutions/}},
      note = {Accessed: 2013-08-11}}

@misc{kmettFree,
      title = {Monads for Free},
      author = {Kmett, Edward},
      journal = {The Comonad.Reader},
      type = {Blog},
      number = {April 11},
      year = 2008,
      howpublished = {\url{http://comonad.com/reader/2008/monads-for-free/}},
      note = {Accessed: 2013-08-11}}

@book{designPatterns,
      author = {Gamma, Erich and Helm, Richard and Johnson, Ralph and Vlissides,
                John},
      title = {Design Patterns},
      year = 1994,
      publisher = {Addison-Wesley}}

@inproceedings{arrowsRobots,
               title = {Arrows, Robots, and Functional Reactive Programming},
               author = {Hudak, Paul and Courtney, Antony and Nilsson, Henrik
               and Peterson, John},
               booktitle = {Summer School on Advanced Functional Programming
               2002, Oxford University},
               year = 2003,
               volume = 2638,
               series = "Lecture Notes in Computer Science",
               pages = "159--187",
               publisher = "Springer-Verlag"}

@article{haskellCurry,
         title={Functionality in combinatory logic},
         author={Curry, Haskell B},
         journal={Proceedings of the National Academy of Sciences of the United States of America},
         volume={20},
         number={11},
         pages={584},
         year={1934},
         publisher={National Academy of Sciences}}

@book{chIso,
      title={To HB Curry: Essays on Combinatory Logic, Lambda-Calculus and Formalism},
      author={Hindley, J Roger and Seldin, Jonathan P},
      year={1980},
      publisher={Academic Press}}

@inproceedings{kahn,
               title={The semantics of a simple language for parallel programming},
               author={Kahn, Gilles},
               booktitle={In Information Processing’74: Proceedings of the IFIP Congress},
               volume={74},
               pages={471--475},
               year={1974}}

@article{digitalHazards,
         title={Hazards, critical races, and metastability},
         author={Unger, Stephen H},
         journal={Computers, IEEE Transactions on},
         volume={44},
         number={6},
         pages={754--768},
         year={1995},
         publisher={IEEE}}

@article{autoImplementation,
         title={Contraction-free sequent calculi for intuitionistic logic},
         author={Dyckhoff, Roy},
         journal={The Journal of Symbolic Logic},
         volume={57},
         number={3},
         pages={795--807},
         year={1992},
         publisher={JSTOR}}

